@article{liu2024botanicgarden,
  title={{BotanicGarden: A High-Quality Dataset for Robot Navigation in Unstructured Natural Environments}},
  author={Liu, Yuanzhi and Fu, Yujia and Qin, Minghui and Xu, Yufeng and Xu, Baoxin and Chen, Fengdong and Goossens, Bart and Sun, Poly ZH and Yu, Hongwei and Liu, Chun and others},
  journal={IEEE Robotics and Automation Letters},
  year={2024},
  publisher={IEEE}
}

@article{Baril2022,
  doi = {10.55417/fr.2022050},
  url = {https://doi.org/10.55417/fr.2022050},
  year = {2022},
  month = mar,
  publisher = {Field Robotics Publication Society},
  volume = {2},
  number = {1},
  pages = {1628--1660},
  author = {Dominic Baril and Simon-Pierre Desch{\^{e}}nes and Olivier Gamache and Maxime Vaidis and Damien LaRocque and Johann Laconte and Vladim{\'{\i}}r Kubelka and Philippe Gigu{\`{e}}re and Fran{\c{c}}ois Pomerleau},
  title = {Kilometer-scale autonomous navigation in subarctic forests: challenges and lessons learned},
  journal = {Field Robotics}
}

@article{mozaffari2019tutorial,
  title={{A tutorial on UAVs for wireless networks: Applications, challenges, and open problems}},
  author={Mozaffari, Mohammad and Saad, Walid and Bennis, Mehdi and Nam, Young-Han and Debbah, M{\'e}rouane},
  journal={IEEE communications surveys \& tutorials},
  volume={21},
  number={3},
  pages={2334--2360},
  year={2019},
  publisher={IEEE}
}

@article{gamache2023exposing,
  title={{Exposing the Unseen: Exposure Time Emulation for Offline Benchmarking of Vision Algorithms}},
  author={Gamache, Olivier and Fortin, Jean-Michel and Boxan, Mat{\v{e}}j and Pomerleau, Fran{\c{c}}ois and Gigu{\`e}re, Philippe},
  journal={arXiv preprint arXiv:2309.13139},
  year={2023}
}
